@inproceedings{soto2018gukena,
  title={Gukena: escrutinio descentralizado para voto ponderado},
  author={Soto, Silvia and Ramos, Celeste and Kogan, Pablo and Vaucheret, Claudio A and Rodr{\'\i}guez, Jorge},
  booktitle={XII Simposio de Inform{\'a}tica en el Estado (SIE 2018)-JAIIO 47 (CABA, 2018)},
  year={2018}
}
@article{chaparro2016sistema,
  title={El sistema de voto electr{\'o}nico de la Ciudad de Buenos Aires; una ‘soluci{\'o}n’en busca de problemas},
  author={Chaparro, Enrique},
  journal={Buenos Aires},
  volume={19},
  year={2016}
}
@misc{poderJudicial,
  title={Requisitos y condiciones mínimas para la realización del Escrutinio Provisorio},
  author={Poder Judicial de la Nación}, year= "Enero 2017",
  howpublished="\url{https://www.pjn.gov.ar/cne/documentos/2017\%20AE\%20003-17\%20(ESCRUTINIO\%20PROVISORIO).pdf}"
}
@misc{leyprovincia,
author={Legislatura Provincia de Neuquen},
title={Ley 3053: Bases del sistema electoral provincial},
note = {Accedido 14-03-2019},
howpublished = "\url{https://www.legislaturaneuquen.gob.ar/svrfiles/Neuleg/normaslegales/pdf/LEY3053.pdf?var=1530050008}"
}
@misc{ordenanzamuni,
author={Consejo Deliberante Municipalidad de Nuequén}, title={Ordenanza 12980},
note = {Accedido 14-03-2019},
howpublished = "\url{http://www.cdnqn.gov.ar/inf_legislativa/digesto/digesto/ordenanzas/12980.htm}"
}


@misc{conicet,
author = {Consejo Nacional de Investigaciones Científicas y Técnicas},
title = {Análisis de factibilidad en la implementación de tecnología en diferentes aspectos y etapas del proceso electoral},
note = {Accedido 14-03-2019},
howpublished = "\url{https://www.conicet.gov.ar/wp-content/uploads/Analisis\_factibilidad\_implementacion\_tecnologia\_proceso \_electoral.pdf}"
}

@inproceedings{sadio,
  title={Consideraciones sobre el voto electr{\'o}nico},
  author={Montes, Miguel and Penazzi, Daniel and Wolovick, Nicol{\'a}s},
  booktitle={X Simposio de Inform{\'a}tica en el Estado (SIE 2016)-JAIIO 45 (Tres de Febrero, 2016)},
  year={2016}
}
@inproceedings{nardi2017voto,
  title={Voto electr{\'o}nico, vulnerabilidades y soluciones para evitar ataques},
  author={Nardi, Joel Leandro and Maenza, Rosa R},
  booktitle={Simposio Argentino de Inform{\'a}tica y Derecho (SID)-JAIIO 46 (C{\'o}rdoba, 2017).},
  year={2017}
}
@article{amato2015vot,
  title={Vot. Ar: una mala elecci{\'o}n},
  author={Amato, Francisco and Barrera, Iv{\'a}n and Chaparro, Enrique and Demian, Sergio and Ortega, Alfredo and Rizzo, Jualiano and Waisman, Nicol{\'a}s},
  journal={Recuperado de: https://github. com/HacKanCuBa/informe-votar/blob/master/Informe/informe. md},
  year={2015}
}

@article{hosp2008information,
  title={An information-theoretic model of voting systems},
  author={Hosp, Ben and Vora, Poorvi L},
  journal={Mathematical and Computer Modelling},
  volume={48},
  number={9-10},
  pages={1628--1645},
  year={2008},
  publisher={Elsevier}
}
@book{harris2004black,
  title={Black box voting: Ballot tampering in the 21st century},
  author={Harris, Bev and Allen, David},
  year={2004},
  publisher={Talion Pub.}
}

@incollection{aranha2014software,
  title={Software vulnerabilities in the Brazilian voting machine},
  author={Aranha, Diego F and Karam, Marcelo M and de Miranda, Andr{\'e} and Scarel, Felipe B},
  booktitle={Design, development, and use of secure electronic voting systems},
  pages={149--175},
  year={2014},
  publisher={IGI Global}
}
@incollection{jacobs2009electronic,
  title={Electronic Voting in the Netherlands: from early Adoption to early Abolishment},
  author={Jacobs, Bart and Pieters, Wolter},
  booktitle={Foundations of security analysis and design V},
  pages={121--144},
  year={2009},
  publisher={Springer}
}

%Datos de Salta
@article{page2016cambios,
  title={Cambios en la forma de votar. 10 aprendizajes de la implementaci{\'o}n del voto electr{\'o}nico en la provincia de Salta},
  author={Page, Mar{\'\i}a and Mignone, Josefina and Lenarduzzi, Julieta},
  journal={Documento de Trabajo No147, CIPPEC (marzo)},
  year={2016}
}


@misc{rionegro,
  title={Noticia diario rionegro.com.ar},
  note = {Accedido 14-03-2019},
howpublished = "\url{https://www.rionegro.com.ar/ampliaron-la-denuncia-por-irregularidades-con-la-boleta-electronica-de-neuquen-918645/}",
  author={Noticia rionegro.com.ar 10/03/2019.},
  
}
@misc{suiza,
author = {Norman Gutiérrez},
title = {Inaceptable: encuentran vulnerabilidad crítica en sistema de voto electrónico en Suiza},
year = {2019},
howpublished = "\url{https://www.fayerwayer.com/2019/03/voto-electronico-suiza-vulnerabilidad/}",
note = {Accedido 05-05-2019}
}
